%YAML 1.1
%TAG !u! tag:unity3d.com,2011:
--- !u!1 &2478220738141245099
GameObject:
  m_ObjectHideFlags: 0
  m_CorrespondingSourceObject: {fileID: 0}
  m_PrefabInstance: {fileID: 0}
  m_PrefabAsset: {fileID: 0}
  serializedVersion: 6
  m_Component:
  - component: {fileID: 2478220738141245103}
  - component: {fileID: 2478220738141245102}
  - component: {fileID: 2478220738141245091}
  - component: {fileID: 2478220738141245101}
  - component: {fileID: 2478220738141245100}
  - component: {fileID: 2478220738141245088}
  - component: {fileID: 8066253921263569835}
  - component: {fileID: 129090387567898971}
  - component: {fileID: 7942615418136364521}
  - component: {fileID: 4064806722805729726}
  - component: {fileID: 65921630907619779}
  - component: {fileID: 7833354716584573268}
  - component: {fileID: 8917899354876620233}
  m_Layer: 12
  m_Name: Heal AoE Controller
  m_TagString: Player
  m_Icon: {fileID: 0}
  m_NavMeshLayer: 0
  m_StaticEditorFlags: 0
  m_IsActive: 1
--- !u!4 &2478220738141245103
Transform:
  m_ObjectHideFlags: 0
  m_CorrespondingSourceObject: {fileID: 0}
  m_PrefabInstance: {fileID: 0}
  m_PrefabAsset: {fileID: 0}
  m_GameObject: {fileID: 2478220738141245099}
  m_LocalRotation: {x: 0, y: 0, z: 0, w: 1}
  m_LocalPosition: {x: 0, y: 0, z: -24}
  m_LocalScale: {x: 1, y: 1, z: 1}
  m_Children:
  - {fileID: 1373379422158647356}
  - {fileID: 4236185323886706201}
  - {fileID: 8460512768288799870}
  m_Father: {fileID: 0}
  m_RootOrder: 0
  m_LocalEulerAnglesHint: {x: 0, y: 0, z: 0}
--- !u!54 &2478220738141245102
Rigidbody:
  m_ObjectHideFlags: 0
  m_CorrespondingSourceObject: {fileID: 0}
  m_PrefabInstance: {fileID: 0}
  m_PrefabAsset: {fileID: 0}
  m_GameObject: {fileID: 2478220738141245099}
  serializedVersion: 2
  m_Mass: 1
  m_Drag: 0
  m_AngularDrag: 0.05
  m_UseGravity: 0
  m_IsKinematic: 0
  m_Interpolate: 2
  m_Constraints: 112
  m_CollisionDetection: 2
--- !u!114 &2478220738141245091
MonoBehaviour:
  m_ObjectHideFlags: 0
  m_CorrespondingSourceObject: {fileID: 0}
  m_PrefabInstance: {fileID: 0}
  m_PrefabAsset: {fileID: 0}
  m_GameObject: {fileID: 2478220738141245099}
  m_Enabled: 1
  m_EditorHideFlags: 0
  m_Script: {fileID: 11500000, guid: e31ef224791c35645acf198f0b8d8bc0, type: 3}
  m_Name: 
  m_EditorClassIdentifier: 
  rb: {fileID: 0}
  movement: {fileID: 0}
  aim: {fileID: 0}
  aimUI: {fileID: 0}
  attack: {fileID: 0}
  dash: {fileID: 0}
  ability: {fileID: 0}
  playerNum: 1
  input: {fileID: 0}
--- !u!114 &2478220738141245101
MonoBehaviour:
  m_ObjectHideFlags: 0
  m_CorrespondingSourceObject: {fileID: 0}
  m_PrefabInstance: {fileID: 0}
  m_PrefabAsset: {fileID: 0}
  m_GameObject: {fileID: 2478220738141245099}
  m_Enabled: 1
  m_EditorHideFlags: 0
  m_Script: {fileID: 11500000, guid: 2be444529204ee54089fc59ea0ecd75a, type: 3}
  m_Name: 
  m_EditorClassIdentifier: 
  state: {fileID: 0}
  moveInfo: {fileID: 11400000, guid: 62e257cf4a9824d4cac97f707e32e494, type: 2}
--- !u!114 &2478220738141245100
MonoBehaviour:
  m_ObjectHideFlags: 0
  m_CorrespondingSourceObject: {fileID: 0}
  m_PrefabInstance: {fileID: 0}
  m_PrefabAsset: {fileID: 0}
  m_GameObject: {fileID: 2478220738141245099}
  m_Enabled: 1
  m_EditorHideFlags: 0
  m_Script: {fileID: 11500000, guid: 87749e52ed1a654418f9da60ccba0176, type: 3}
  m_Name: 
  m_EditorClassIdentifier: 
  state: {fileID: 0}
  projectile: {fileID: 4920350672561494324, guid: 1c759d30ac179dc4d95a7a78013fc220,
    type: 3}
  boss: {fileID: 0}
  cooldown: 0
  attackInfo: {fileID: 11400000, guid: 82c2fdaa936217a489e8237f03d76d06, type: 2}
  movementOffset: 3.8
--- !u!114 &2478220738141245088
MonoBehaviour:
  m_ObjectHideFlags: 0
  m_CorrespondingSourceObject: {fileID: 0}
  m_PrefabInstance: {fileID: 0}
  m_PrefabAsset: {fileID: 0}
  m_GameObject: {fileID: 2478220738141245099}
  m_Enabled: 1
  m_EditorHideFlags: 0
  m_Script: {fileID: 11500000, guid: 7fe77b6914752e94b9c5af80da2aa3cc, type: 3}
  m_Name: 
  m_EditorClassIdentifier: 
  state: {fileID: 0}
  collider: {fileID: 4618173074866967319}
  DashingStart: {fileID: 11400000, guid: 5ccbb4d10636ac34d86c5d11e1492abd, type: 2}
  DashingEnd: {fileID: 11400000, guid: 8a9d55bd84dd7754bb5efce4d9c65da3, type: 2}
  duration: 0.18
  cooldown: 0
  cooldownMax: 0.75
  postDashInvDuration: 0.25
  rend: {fileID: 0}
--- !u!114 &8066253921263569835
MonoBehaviour:
  m_ObjectHideFlags: 0
  m_CorrespondingSourceObject: {fileID: 0}
  m_PrefabInstance: {fileID: 0}
  m_PrefabAsset: {fileID: 0}
  m_GameObject: {fileID: 2478220738141245099}
  m_Enabled: 1
  m_EditorHideFlags: 0
  m_Script: {fileID: 11500000, guid: 2db261d83169ab046bc68f310c45bc7f, type: 3}
  m_Name: 
  m_EditorClassIdentifier: 
  isDashing:
    variable: 0
  isCastingAbility:
    variable: 0
  isCastingSpeed:
    variable: 0
--- !u!114 &129090387567898971
MonoBehaviour:
  m_ObjectHideFlags: 0
  m_CorrespondingSourceObject: {fileID: 0}
  m_PrefabInstance: {fileID: 0}
  m_PrefabAsset: {fileID: 0}
  m_GameObject: {fileID: 2478220738141245099}
  m_Enabled: 1
  m_EditorHideFlags: 0
  m_Script: {fileID: 11500000, guid: c2e8f7fd9890c1547bd1fe28f0ed2ba5, type: 3}
  m_Name: 
  m_EditorClassIdentifier: 
  prevInput: {x: 0, y: 0, z: 1}
  smoothing: {x: 0, y: 0, z: 0}
  smoothTime: 0.2
  assistAngleMin: 13
  assistAngleMax: 20
  assistAngle: 20
  mask:
    serializedVersion: 2
    m_Bits: 16384
--- !u!114 &7942615418136364521
MonoBehaviour:
  m_ObjectHideFlags: 0
  m_CorrespondingSourceObject: {fileID: 0}
  m_PrefabInstance: {fileID: 0}
  m_PrefabAsset: {fileID: 0}
  m_GameObject: {fileID: 2478220738141245099}
  m_Enabled: 1
  m_EditorHideFlags: 0
  m_Script: {fileID: 11500000, guid: 3fef4775bc1ac114b90cd77dc78b992f, type: 3}
  m_Name: 
  m_EditorClassIdentifier: 
  state: {fileID: 0}
  cooldown:
    variable: 0
  cooldownMax:
    variable: 15
  isAoE: 0
  AoEPrefab: {fileID: 6450393448212292197, guid: 7f80b602020dc9d44a26105eb0d330ed,
    type: 3}
  AoEInstance: {fileID: 0}
  AoEDuration: 5
  attachAsChild: 1
--- !u!114 &4064806722805729726
MonoBehaviour:
  m_ObjectHideFlags: 0
  m_CorrespondingSourceObject: {fileID: 0}
  m_PrefabInstance: {fileID: 0}
  m_PrefabAsset: {fileID: 0}
  m_GameObject: {fileID: 2478220738141245099}
  m_Enabled: 1
  m_EditorHideFlags: 0
  m_Script: {fileID: 11500000, guid: fee9180de2663d84592627ffa51c1563, type: 3}
  m_Name: 
  m_EditorClassIdentifier: 
  movement: {fileID: 0}
  ability: {fileID: 0}
  defaultMovement: {fileID: 11400000, guid: 62e257cf4a9824d4cac97f707e32e494, type: 2}
--- !u!114 &65921630907619779
MonoBehaviour:
  m_ObjectHideFlags: 0
  m_CorrespondingSourceObject: {fileID: 0}
  m_PrefabInstance: {fileID: 0}
  m_PrefabAsset: {fileID: 0}
  m_GameObject: {fileID: 2478220738141245099}
  m_Enabled: 1
  m_EditorHideFlags: 0
  m_Script: {fileID: 11500000, guid: 1b19b68641aa0444a8b21089e8f6ac99, type: 3}
  m_Name: 
  m_EditorClassIdentifier: 
  maxHealth: 3
  health: 0
  isPlayer: 1
  alwaysInvincible: 0
--- !u!114 &7833354716584573268
MonoBehaviour:
  m_ObjectHideFlags: 0
  m_CorrespondingSourceObject: {fileID: 0}
  m_PrefabInstance: {fileID: 0}
  m_PrefabAsset: {fileID: 0}
  m_GameObject: {fileID: 2478220738141245099}
  m_Enabled: 1
  m_EditorHideFlags: 0
  m_Script: {fileID: 11500000, guid: dcc2ea4d0fc885a40ae1b11accb5aa97, type: 3}
  m_Name: 
  m_EditorClassIdentifier: 
  player: {fileID: 2478220738141245099}
  playerCollider: {fileID: 4618173074866967319}
  mask:
    serializedVersion: 2
    m_Bits: 256
  isGrounded: 0
  target: {x: 0, y: 0, z: 0}
  targetHeight: 0
  fallAcceleration: 9
--- !u!114 &8917899354876620233
MonoBehaviour:
  m_ObjectHideFlags: 0
  m_CorrespondingSourceObject: {fileID: 0}
  m_PrefabInstance: {fileID: 0}
  m_PrefabAsset: {fileID: 0}
  m_GameObject: {fileID: 2478220738141245099}
  m_Enabled: 1
  m_EditorHideFlags: 0
  m_Script: {fileID: 11500000, guid: 8d032d0ce24057e4dbe08e7164a835dc, type: 3}
  m_Name: 
  m_EditorClassIdentifier: 
  materialsList:
    readyToSerialize: 1
    keys:
    - Hurt
    - Dash
    values:
    - {fileID: 2100000, guid: 5c68d2f6a13c25b4584c03cd71000b69, type: 2}
    - {fileID: 2100000, guid: 5f480f372f5cd714486676a09cf2f1b6, type: 2}
  renderers:
  - {fileID: 4236185323886706202}
  - {fileID: 7945682815541730776}
--- !u!1 &2978717568996415590
GameObject:
  m_ObjectHideFlags: 0
  m_CorrespondingSourceObject: {fileID: 0}
  m_PrefabInstance: {fileID: 0}
  m_PrefabAsset: {fileID: 0}
  serializedVersion: 6
  m_Component:
  - component: {fileID: 8460512768288799870}
  m_Layer: 0
  m_Name: Offset
  m_TagString: Untagged
  m_Icon: {fileID: 0}
  m_NavMeshLayer: 0
  m_StaticEditorFlags: 0
  m_IsActive: 1
--- !u!4 &8460512768288799870
Transform:
  m_ObjectHideFlags: 0
  m_CorrespondingSourceObject: {fileID: 0}
  m_PrefabInstance: {fileID: 0}
  m_PrefabAsset: {fileID: 0}
  m_GameObject: {fileID: 2978717568996415590}
  m_LocalRotation: {x: 0.7071068, y: 0, z: 0, w: 0.7071068}
  m_LocalPosition: {x: 0, y: 0.25, z: 0}
  m_LocalScale: {x: 1, y: 1, z: 1}
  m_Children:
  - {fileID: 6972851597502202320}
  m_Father: {fileID: 2478220738141245103}
  m_RootOrder: 2
  m_LocalEulerAnglesHint: {x: 90, y: 0, z: 0}
--- !u!1 &4172628302811577240
GameObject:
  m_ObjectHideFlags: 0
  m_CorrespondingSourceObject: {fileID: 0}
  m_PrefabInstance: {fileID: 0}
  m_PrefabAsset: {fileID: 0}
  serializedVersion: 6
  m_Component:
  - component: {fileID: 1373379422158647356}
  - component: {fileID: 3146720900136672946}
  - component: {fileID: 9063443819457601262}
  - component: {fileID: 4618173074866967319}
  m_Layer: 12
  m_Name: Heal AoE Hitbox
  m_TagString: Player
  m_Icon: {fileID: 0}
  m_NavMeshLayer: 0
  m_StaticEditorFlags: 0
  m_IsActive: 1
--- !u!4 &1373379422158647356
Transform:
  m_ObjectHideFlags: 0
  m_CorrespondingSourceObject: {fileID: 0}
  m_PrefabInstance: {fileID: 0}
  m_PrefabAsset: {fileID: 0}
  m_GameObject: {fileID: 4172628302811577240}
  m_LocalRotation: {x: 0, y: 0, z: 0, w: 1}
  m_LocalPosition: {x: 0, y: 0, z: 0}
  m_LocalScale: {x: 1, y: 1, z: 1}
  m_Children: []
  m_Father: {fileID: 2478220738141245103}
  m_RootOrder: 0
  m_LocalEulerAnglesHint: {x: 0, y: 0, z: 0}
--- !u!33 &3146720900136672946
MeshFilter:
  m_ObjectHideFlags: 0
  m_CorrespondingSourceObject: {fileID: 0}
  m_PrefabInstance: {fileID: 0}
  m_PrefabAsset: {fileID: 0}
  m_GameObject: {fileID: 4172628302811577240}
  m_Mesh: {fileID: 10207, guid: 0000000000000000e000000000000000, type: 0}
--- !u!23 &9063443819457601262
MeshRenderer:
  m_ObjectHideFlags: 0
  m_CorrespondingSourceObject: {fileID: 0}
  m_PrefabInstance: {fileID: 0}
  m_PrefabAsset: {fileID: 0}
  m_GameObject: {fileID: 4172628302811577240}
  m_Enabled: 0
  m_CastShadows: 1
  m_ReceiveShadows: 1
  m_DynamicOccludee: 1
  m_MotionVectors: 1
  m_LightProbeUsage: 1
  m_ReflectionProbeUsage: 1
  m_RenderingLayerMask: 1
  m_RendererPriority: 0
  m_Materials:
  - {fileID: 10303, guid: 0000000000000000f000000000000000, type: 0}
  m_StaticBatchInfo:
    firstSubMesh: 0
    subMeshCount: 0
  m_StaticBatchRoot: {fileID: 0}
  m_ProbeAnchor: {fileID: 0}
  m_LightProbeVolumeOverride: {fileID: 0}
  m_ScaleInLightmap: 1
  m_PreserveUVs: 0
  m_IgnoreNormalsForChartDetection: 0
  m_ImportantGI: 0
  m_StitchLightmapSeams: 1
  m_SelectedEditorRenderState: 3
  m_MinimumChartSize: 4
  m_AutoUVMaxDistance: 0.5
  m_AutoUVMaxAngle: 89
  m_LightmapParameters: {fileID: 0}
  m_SortingLayerID: 0
  m_SortingLayer: 0
  m_SortingOrder: 0
--- !u!135 &4618173074866967319
SphereCollider:
  m_ObjectHideFlags: 0
  m_CorrespondingSourceObject: {fileID: 0}
  m_PrefabInstance: {fileID: 0}
  m_PrefabAsset: {fileID: 0}
  m_GameObject: {fileID: 4172628302811577240}
  m_Material: {fileID: 0}
  m_IsTrigger: 0
  m_Enabled: 1
  serializedVersion: 2
  m_Radius: 0.5
  m_Center: {x: 0, y: 0, z: 0}
--- !u!1 &4236185323886706200
GameObject:
  m_ObjectHideFlags: 0
  m_CorrespondingSourceObject: {fileID: 0}
  m_PrefabInstance: {fileID: 0}
  m_PrefabAsset: {fileID: 0}
  serializedVersion: 6
  m_Component:
  - component: {fileID: 4236185323886706201}
  - component: {fileID: 4236185323886706203}
  - component: {fileID: 4236185323886706202}
  - component: {fileID: 686994302}
  m_Layer: 12
  m_Name: Visuals
  m_TagString: Untagged
  m_Icon: {fileID: 0}
  m_NavMeshLayer: 0
  m_StaticEditorFlags: 0
  m_IsActive: 1
--- !u!4 &4236185323886706201
Transform:
  m_ObjectHideFlags: 0
  m_CorrespondingSourceObject: {fileID: 0}
  m_PrefabInstance: {fileID: 0}
  m_PrefabAsset: {fileID: 0}
  m_GameObject: {fileID: 4236185323886706200}
  m_LocalRotation: {x: 0, y: 0, z: 0, w: 1}
  m_LocalPosition: {x: 0, y: 0, z: 0}
  m_LocalScale: {x: 1, y: 1, z: 1}
  m_Children: []
  m_Father: {fileID: 2478220738141245103}
  m_RootOrder: 1
  m_LocalEulerAnglesHint: {x: 0, y: 0, z: 0}
--- !u!33 &4236185323886706203
MeshFilter:
  m_ObjectHideFlags: 0
  m_CorrespondingSourceObject: {fileID: 0}
  m_PrefabInstance: {fileID: 0}
  m_PrefabAsset: {fileID: 0}
  m_GameObject: {fileID: 4236185323886706200}
  m_Mesh: {fileID: 10207, guid: 0000000000000000e000000000000000, type: 0}
--- !u!23 &4236185323886706202
MeshRenderer:
  m_ObjectHideFlags: 0
  m_CorrespondingSourceObject: {fileID: 0}
  m_PrefabInstance: {fileID: 0}
  m_PrefabAsset: {fileID: 0}
  m_GameObject: {fileID: 4236185323886706200}
  m_Enabled: 1
  m_CastShadows: 1
  m_ReceiveShadows: 1
  m_DynamicOccludee: 1
  m_MotionVectors: 1
  m_LightProbeUsage: 1
  m_ReflectionProbeUsage: 1
  m_RenderingLayerMask: 1
  m_RendererPriority: 0
  m_Materials:
  - {fileID: 2100000, guid: 81696821133d92e40b22bac44a4bce71, type: 2}
  m_StaticBatchInfo:
    firstSubMesh: 0
    subMeshCount: 0
  m_StaticBatchRoot: {fileID: 0}
  m_ProbeAnchor: {fileID: 0}
  m_LightProbeVolumeOverride: {fileID: 0}
  m_ScaleInLightmap: 1
  m_PreserveUVs: 0
  m_IgnoreNormalsForChartDetection: 0
  m_ImportantGI: 0
  m_StitchLightmapSeams: 1
  m_SelectedEditorRenderState: 3
  m_MinimumChartSize: 4
  m_AutoUVMaxDistance: 0.5
  m_AutoUVMaxAngle: 89
  m_LightmapParameters: {fileID: 0}
  m_SortingLayerID: 0
  m_SortingLayer: 0
  m_SortingOrder: 0
--- !u!96 &686994302
TrailRenderer:
  serializedVersion: 2
  m_ObjectHideFlags: 0
  m_CorrespondingSourceObject: {fileID: 0}
  m_PrefabInstance: {fileID: 0}
  m_PrefabAsset: {fileID: 0}
  m_GameObject: {fileID: 4236185323886706200}
  m_Enabled: 1
  m_CastShadows: 1
  m_ReceiveShadows: 1
  m_DynamicOccludee: 1
  m_MotionVectors: 1
  m_LightProbeUsage: 0
  m_ReflectionProbeUsage: 0
  m_RenderingLayerMask: 1
  m_RendererPriority: 0
  m_Materials:
  - {fileID: 10306, guid: 0000000000000000f000000000000000, type: 0}
  m_StaticBatchInfo:
    firstSubMesh: 0
    subMeshCount: 0
  m_StaticBatchRoot: {fileID: 0}
  m_ProbeAnchor: {fileID: 0}
  m_LightProbeVolumeOverride: {fileID: 0}
  m_ScaleInLightmap: 1
  m_PreserveUVs: 0
  m_IgnoreNormalsForChartDetection: 0
  m_ImportantGI: 0
  m_StitchLightmapSeams: 1
  m_SelectedEditorRenderState: 3
  m_MinimumChartSize: 4
  m_AutoUVMaxDistance: 0.5
  m_AutoUVMaxAngle: 89
  m_LightmapParameters: {fileID: 0}
  m_SortingLayerID: 0
  m_SortingLayer: 0
  m_SortingOrder: -1
  m_Time: 0.3
  m_Parameters:
    serializedVersion: 3
    widthMultiplier: 2
    widthCurve:
      serializedVersion: 2
      m_Curve:
      - serializedVersion: 3
        time: 0
        value: 1
        inSlope: -2.4291074
        outSlope: -2.4291074
        tangentMode: 0
        weightedMode: 0
        inWeight: 0.33333334
        outWeight: 0.6788736
      - serializedVersion: 3
        time: 0.23003542
        value: 0.70245093
        inSlope: -0.080766454
        outSlope: -0.080766454
        tangentMode: 0
        weightedMode: 0
        inWeight: 0.7932141
        outWeight: 0.5894957
      - serializedVersion: 3
        time: 0.81318665
        value: 0
        inSlope: -0.059362814
        outSlope: -0.059362814
        tangentMode: 0
        weightedMode: 0
        inWeight: 0.79742765
        outWeight: 0
      m_PreInfinity: 2
      m_PostInfinity: 2
      m_RotationOrder: 4
    colorGradient:
      serializedVersion: 2
      key0: {r: 0, g: 0.5566038, b: 0.13545671, a: 0.7254902}
      key1: {r: 0, g: 0.3584906, b: 0.09449756, a: 0}
      key2: {r: 0, g: 0, b: 0, a: 0}
      key3: {r: 0, g: 0, b: 0, a: 0}
      key4: {r: 0, g: 0, b: 0, a: 0}
      key5: {r: 0, g: 0, b: 0, a: 0}
      key6: {r: 0, g: 0, b: 0, a: 0}
      key7: {r: 0, g: 0, b: 0, a: 0}
      ctime0: 0
      ctime1: 65535
      ctime2: 0
      ctime3: 0
      ctime4: 0
      ctime5: 0
      ctime6: 0
      ctime7: 0
      atime0: 0
      atime1: 42791
      atime2: 42020
      atime3: 0
      atime4: 0
      atime5: 0
      atime6: 0
      atime7: 0
      m_Mode: 0
      m_NumColorKeys: 2
      m_NumAlphaKeys: 2
    numCornerVertices: 0
    numCapVertices: 0
    alignment: 0
    textureMode: 0
    shadowBias: 0.5
    generateLightingData: 0
  m_MinVertexDistance: 0.01
  m_Autodestruct: 0
  m_Emitting: 1
--- !u!1 &8224302334496507369
GameObject:
  m_ObjectHideFlags: 0
  m_CorrespondingSourceObject: {fileID: 0}
  m_PrefabInstance: {fileID: 0}
  m_PrefabAsset: {fileID: 0}
  serializedVersion: 6
  m_Component:
  - component: {fileID: 6972851597502202320}
  - component: {fileID: 7945682815541730776}
  - component: {fileID: 8507073532546075590}
  m_Layer: 12
  m_Name: Aim Sprite
  m_TagString: Untagged
  m_Icon: {fileID: 0}
  m_NavMeshLayer: 0
  m_StaticEditorFlags: 0
  m_IsActive: 1
--- !u!4 &6972851597502202320
Transform:
  m_ObjectHideFlags: 0
  m_CorrespondingSourceObject: {fileID: 0}
  m_PrefabInstance: {fileID: 0}
  m_PrefabAsset: {fileID: 0}
  m_GameObject: {fileID: 8224302334496507369}
  m_LocalRotation: {x: 0.7071068, y: -0, z: -0, w: 0.7071068}
  m_LocalPosition: {x: 0, y: 0, z: 0}
  m_LocalScale: {x: 0.25, y: 0.25000024, z: 1}
  m_Children: []
  m_Father: {fileID: 8460512768288799870}
  m_RootOrder: 0
  m_LocalEulerAnglesHint: {x: 0, y: 0, z: 0}
--- !u!212 &7945682815541730776
SpriteRenderer:
  m_ObjectHideFlags: 0
  m_CorrespondingSourceObject: {fileID: 0}
  m_PrefabInstance: {fileID: 0}
  m_PrefabAsset: {fileID: 0}
  m_GameObject: {fileID: 8224302334496507369}
  m_Enabled: 1
  m_CastShadows: 0
  m_ReceiveShadows: 0
  m_DynamicOccludee: 1
  m_MotionVectors: 1
  m_LightProbeUsage: 1
  m_ReflectionProbeUsage: 1
  m_RenderingLayerMask: 1
  m_RendererPriority: 0
  m_Materials:
  - {fileID: 2100000, guid: 81696821133d92e40b22bac44a4bce71, type: 2}
  m_StaticBatchInfo:
    firstSubMesh: 0
    subMeshCount: 0
  m_StaticBatchRoot: {fileID: 0}
  m_ProbeAnchor: {fileID: 0}
  m_LightProbeVolumeOverride: {fileID: 0}
  m_ScaleInLightmap: 1
  m_PreserveUVs: 0
  m_IgnoreNormalsForChartDetection: 0
  m_ImportantGI: 0
  m_StitchLightmapSeams: 1
  m_SelectedEditorRenderState: 0
  m_MinimumChartSize: 4
  m_AutoUVMaxDistance: 0.5
  m_AutoUVMaxAngle: 89
  m_LightmapParameters: {fileID: 0}
  m_SortingLayerID: 0
  m_SortingLayer: 0
  m_SortingOrder: 0
  m_Sprite: {fileID: 21300000, guid: 64beea840cde1d84aa4ce5d19abbf3eb, type: 3}
  m_Color: {r: 1, g: 1, b: 1, a: 1}
  m_FlipX: 0
  m_FlipY: 0
  m_DrawMode: 0
  m_Size: {x: 7.3, y: 9.69}
  m_AdaptiveModeThreshold: 0.5
  m_SpriteTileMode: 0
  m_WasSpriteAssigned: 1
  m_MaskInteraction: 0
  m_SpriteSortPoint: 0
--- !u!114 &8507073532546075590
MonoBehaviour:
  m_ObjectHideFlags: 0
  m_CorrespondingSourceObject: {fileID: 0}
  m_PrefabInstance: {fileID: 0}
  m_PrefabAsset: {fileID: 0}
  m_GameObject: {fileID: 8224302334496507369}
  m_Enabled: 1
  m_EditorHideFlags: 0
  m_Script: {fileID: 11500000, guid: 845ae215350f358449db14a80a8cab50, type: 3}
  m_Name: 
  m_EditorClassIdentifier: 
  aim: {fileID: 129090387567898971}
